@book{coulouris2005distributed,
  title={Distributed Systems: Concepts And Design},
  author={Coulouris, G.F. and Dollimore, J. and Kindberg, T.},
  isbn={9780321263544},
  lccn={2005043613},
  series={International Computer Science Series},
  year={2005},
  publisher={Addison-Wesley}
}

@Article{Lamclocks,
  author ="L. Lamport",
  title ="Time, clocks, authornd the ordering of events in a
    distributed system",
  journal ="Communications of the ACM",
  volume ="21",
  number ="7",
  year = "1978",
  pages ="558--565",
}

@Article{GS01,
  year = "2001",
  number ="1",
  pages ="29--41",
  URL =  "http://lsewww.epfl.ch/Publications/ById/282.html",
  title ="titleThe Generic Consensus Service",
  author ="R. Guerraoui and A. Schiper",
  journal ="IEEE Transactions on Software Engineering"
  month =jan,
  volume ="27",
}
    
@Article{Lampson:1996:HBH,
  author =	"B. W. Lampson",
  title =	"How to Build a Highly Available System Using
		 Consensus",
  journal =	"Lecture Notes in Computer Science",
  volume =	"1151",
  pages =	"1--??",
  year = 	"1996",
  CODEN =	"LNCSD9",
  ISSN = 	"0302-9743",
  bibdate =	"Sat Dec 21 09:47:26 1996",
  acknowledgement = "Nelson H. F. Beebe, Center for Scientific
		 Computing, University of Utah, Department of
		 Mathematics, 110 LCB, 155 S 1400 E RM 233, Salt Lake
		 City, UT 84112-0090, USA, Tel: +1 801 581 5254, FAX: +1
		 801 581 4148, e-mail: \path|beebe@math.utah.edu|,
		 \path|beebe@acm.org|, \path|beebe@computer.org|,
		 \path|beebe@ieee.org| (Internet), URL:
		 \path|http://www.math.utah.edu/~beebe/|",
}

@Article{FisLynPat85,
  author =	"Fischer and Lynch and Paterson",
  title =	"Impossibility of Distributed Consensus with One Faulty
		 Process",
  journal =	"JACM: Journal of the ACM",
  volume =	"32",
  year = 	"1985",
}

@Article{journals/sigact/GilbertL02,
  title =	"Brewer's conjecture and the feasibility of consistent,
		 available, partition-tolerant web services",
  author =	"Seth Gilbert and Nancy A. Lynch",
  journal =	"SIGACT News",
  year = 	"2002",
  number =	"2",
  volume =	"33",
  bibdate =	"2010-01-25",
  bibsource =	"DBLP,
		 http://dblp.uni-trier.de/db/journals/sigact/sigact33.html#GilbertL02",
  pages =	"51--59",
  URL =  	"http://doi.acm.org/10.1145/564585.564601",
}

@MISC{Rotem-gal-oz_fallaciesof,
    author = {Arnon Rotem-gal-oz},
    title = {Fallacies of Distributed Computing Explained},
    year = {2006}
}


@misc{BoyCPW2003,
   author = {Nathan Boy and Jared Casper and Carlos Pacheco and Amy Williams},
   title = {Automated Testing of Distributed Systems},
   month = may,
   year = {2004},
   note = {Final project report for MIT 6.824: Distributed Computer Systems.}
}

@Article{Lamport01,
  author =	"Leslie Lamport",
  title =	"Paxos Made Simple",
  journal =	"SIGACTN: SIGACT News (ACM Special Interest Group on
		 Automata and Computability Theory)",
  volume =	"32",
  year = 	"2001",
}

@Article{Lamport98,
  title =	"The Part-Time Parliament",
  author =	"Leslie Lamport",
  journal =	"ACM Trans. Comput. Syst",
  year = 	"1998",
  number =	"2",
  volume =	"16",
  bibdate =	"2003-11-24",
  bibsource =	"DBLP,
		 http://dblp.uni-trier.de/db/journals/tocs/tocs16.html#Lamport98",
  pages =	"133--169",
  URL =  	"http://doi.acm.org/10.1145/279227.279229",
}

@InProceedings{LamportM04,
  title =	"Cheap Paxos",
  author =	"Leslie Lamport and Mike Massa",
  publisher =	"IEEE Computer Society",
  year = 	"2004",
  bibdate =	"2011-10-26",
  bibsource =	"DBLP,
		 http://dblp.uni-trier.de/db/conf/dsn/dsn2004.html#LamportM04",
  booktitle =	"DSN",
  crossref =	"conf/dsn/2004",
  ISBN = 	"0-7695-2052-9",
  pages =	"307--314",
  URL =  	"http://doi.ieeecomputersociety.org/10.1109/DSN.2004.1311900",
}


@InProceedings{ChandraGR07,
  title =	"Paxos made live: an engineering perspective",
  author =	"Tushar Deepak Chandra and Robert Griesemer and Joshua
		 Redstone",
  bibdate =	"2007-08-23",
  bibsource =	"DBLP,
		 http://dblp.uni-trier.de/db/conf/podc/podc2007.html#ChandraGR07",
  booktitle =	"PODC",
  booktitle =	"Proceedings of the Twenty-Sixth Annual {ACM} Symposium
		 on Principles of Distributed Computing, {PODC} 2007,
		 Portland, Oregon, {USA}, August 12-15, 2007",
  publisher =	"ACM",
  year = 	"2007",
  editor =	"Indranil Gupta and Roger Wattenhofer",
  ISBN = 	"978-1-59593-616-5",
  pages =	"398--407",
  URL =  	"http://dl.acm.org/citation.cfm?id=1281100",
}

@InProceedings{KeidarR03,
  title =	"On the Cost of Fault-Tolerant Consensus When There Are
		 No Faults - {A} Tutorial",
  author =	"Idit Keidar and Sergio Rajsbaum",
  bibdate =	"2011-07-05",
  bibsource =	"DBLP,
		 http://dblp.uni-trier.de/db/conf/ladc/ladc2003.html#KeidarR03",
  booktitle =	"LADC",
  booktitle =	"Dependable Computing, First Latin-American Symposium,
		 {LADC} 2003, Sao Paulo, Brazil, October 21-24, 2003,
		 Proceedings",
  publisher =	"Springer",
  year = 	"2003",
  volume =	"2847",
  editor =	"Rog{\'e}rio de Lemos and Taisy Silva Weber and
		 Jo{\~a}o Batista Camargo Jr",
  ISBN = 	"3-540-20224-2",
  pages =	"366--368",
  series =	"Lecture Notes in Computer Science",
  URL =  	"http://dx.doi.org/10.1007/978-3-540-45214-0_29",
}

@misc{Robbert2011,
  title="Paxos Made Moderately Complex",
  author="Robbert van Renesse",
  month = march,
  year = "2011",
}

@TechReport{MSRTR2005112,
  title =	"Fast Paxos",
  author =	"Leslie Lamport",
  institution =  "Microsoft Research (MSR)",
  number =	"MSR-TR-2005-112",
  year = 	"2005",
  month =	jul,
  URL =  	"ftp://ftp.research.microsoft.com/pub/tr/TR-2005-112.pdf",
  keywords =	"consensus fault-tolerance",
  abstract =	"As used in practice, traditional consensus algorithms
		 require three message delays before any process can
		 learn the chosen value. Fast Paxos is an extension of
		 the classic Paxos algorithm that allows the value to be
		 learned in two message delays. How and why the
		 algorithm works are explained informally, and a TLA+
		 specification of the algorithm appears as an
		 appendix.",
}

@MISC{Vieira08theperformance,
    author = {Gustavo M. D. Vieira and Luiz E. Buzato},
    title = {The Performance of Paxos and Fast Paxos},
    year = {2008}
}

@inproceedings{Junqueira2007,
 author = {Junqueira, Flavio and Mao, Yanhua and Marzullo, Keith},
 title = {Classic Paxos vs. fast Paxos: caveat emptor},
 booktitle = {Proceedings of the 3rd workshop on on Hot Topics in System 
   Dependability},
 series = {HotDep'07},
 year = {2007},
 location = {Edinburgh, UK},
 articleno = {18},
 url = {http://dl.acm.org/citation.cfm?id=1323140.1323158},
 acmid = {1323158},
 publisher = {USENIX Association},
 address = {Berkeley, CA, USA},
}

@InProceedings{MarandiPSP10,
  title =	"Ring Paxos: {A} high-throughput atomic broadcast
		 protocol",
  author =	"Parisa Jalili Marandi and Marco Primi and Nicolas
		 Schiper and Fernando Pedone",
  publisher =	"IEEE",
  year = 	"2010",
  bibdate =	"2011-12-20",
  bibsource =	"DBLP,
		 http://dblp.uni-trier.de/db/conf/dsn/dsn2010.html#MarandiPSP10",
  booktitle =	"DSN",
  crossref =	"conf/dsn/2010",
  ISBN = 	"978-1-4244-7501-8",
  pages =	"527--536",
  URL =  	"http://doi.ieeecomputersociety.org/10.1109/DSN.2010.5544272",
}

@article{LamportSP08,
  title = "Stoppable Paxos",
  author = "Leslie Lamport and Dahlia Malkhi and Lidong Zhou",
  publisher = "Microsoft Research",
  month = april,
  year = "2008"
}

@Article{LamportMZ10,
  title =	"Reconfiguring a state machine",
  author =	"Leslie Lamport and Dahlia Malkhi and Lidong Zhou",
  journal =	"SIGACT News",
  year = 	"2010",
  number =	"1",
  volume =	"41",
  bibdate =	"2010-12-03",
  bibsource =	"DBLP,
		 http://dblp.uni-trier.de/db/journals/sigact/sigact41.html#LamportMZ10",
  pages =	"63--73",
  URL =  	"http://doi.acm.org/10.1145/1753171.1753191",
}

@MISC{Kirsch08paxosfor,
    author = {Jonathan Kirsch and Yair Amir},
    title = {Paxos for System Builders},
    year = {2008}
}


@InProceedings{Burrows06,
  title =	"The Chubby Lock Service for Loosely-Coupled
		 Distributed Systems",
  author =	"Michael Burrows",
  bibdate =	"2007-05-07",
  bibsource =	"DBLP,
		 http://dblp.uni-trier.de/db/conf/osdi/osdi2006.html#Burrows06",
  booktitle =	"OSDI",
  booktitle =	"7th Symposium on Operating Systems Design and
		 Implementation ({OSDI} '06), November 6-8, Seattle,
		 {WA}, {USA}",
  publisher =	"USENIX Association",
  year = 	"2006",
  editor =	"Brian N. Bershad and Jeffrey C. Mogul",
  ISBN = 	"1-931971-47-1",
  pages =	"335--350",
  URL =  	"http://www.usenix.org/events/osdi06/tech/burrows.html",
}

@misc{Uenishi2012,
  author = {Uenishi Kota},
  title = {gen\_paxos},
  month = aug,
  year = "2012",
  note = "Implementation of Paxos algorithm in Erlang with processes modelled as
    finite state machines",
  URL = "https://github.com/gburd/gen_paxos"
}

@misc{Lugano2012,
  author = {Marco Primi and Others},
  school = {Faculty of Informatics, University of Lugano},
  title = {LibPaxos},
  month = aug,
  year = "2012",
  note = "Collection of open source implementations of Paxos algorithm",
  URL = "http://libpaxos.sourceforge.net/",
}

@misc{Ulf2012,
  author = {Ulf Wiger and Hans Svensson and Dave Fayram and Andrew Thompson},
  title = {gen\_leader},
  month = aug,
  year = "2012",
  URL = "https://github.com/abecciu/gen_leader_revival",
}
          
